@INPROCEEDINGS{Domino:2014,
author={Domino, S. },
booktitle={Center for Turbulence Research Summer Proceedings},
title={A comparison between low order and higher order low Mach discretization approaches},
year={2014}
}